<record><leader>00000cas a2200000 a 4500</leader><controlfield tag="001">10644035</controlfield><controlfield tag="008">840419d19291937wauer n       0    0eng c</controlfield><datafield ind1=" " ind2=" " tag="010"><subfield code="a">sn 97021875 </subfield></datafield><datafield ind1=" " ind2=" " tag="040"><subfield code="a">CRL</subfield><subfield code="b">eng</subfield><subfield code="c">CRL</subfield><subfield code="d">OCLCQ</subfield><subfield code="d">OCLCF</subfield><subfield code="d">OCLCO</subfield></datafield><datafield ind1="1" ind2=" " tag="029"><subfield code="a">AU@</subfield><subfield code="b">000013651091</subfield></datafield><datafield ind1="0" ind2=" " tag="041"><subfield code="a">engnor</subfield></datafield><datafield ind1=" " ind2=" " tag="042"><subfield code="a">pcc</subfield></datafield><datafield ind1=" " ind2=" " tag="043"><subfield code="a">n-us-wa</subfield></datafield><datafield ind1="0" ind2="0" tag="245"><subfield code="a">Pacific Lutheran herald.</subfield></datafield><datafield ind1=" " ind2=" " tag="260"><subfield code="a">Kent, Wash. :</subfield><subfield code="b">Pacific District of the Norwegian Lutheran Church of America,</subfield><subfield code="c">[1929-1937]</subfield></datafield><datafield ind1=" " ind2=" " tag="300"><subfield code="a">9 v. :</subfield><subfield code="b">ill. ;</subfield><subfield code="c">48-55 cm.</subfield></datafield><datafield ind1=" " ind2=" " tag="310"><subfield code="a">Biweekly</subfield></datafield><datafield ind1="0" ind2=" " tag="362"><subfield code="a">Vol. 12, no. 13 (July 3, 1929)-v. 20, no. 16 (Aug. 18, 1937).</subfield></datafield><datafield ind1=" " ind2=" " tag="500"><subfield code="a">Published in Parkland, Wash., Sept. 16, 1931-Aug. 18, 1937.</subfield></datafield><datafield ind1=" " ind2=" " tag="546"><subfield code="a">In English and Norwegian, July 3, 1929-Sept. 16, 1931; in English, Oct. 1, 1931-Aug. 18, 1937.</subfield></datafield><datafield ind1=" " ind2=" " tag="550"><subfield code="a">"Organ of the Pacific District of the Norwegian Lutheran Church of America."</subfield></datafield><datafield ind1=" " ind2=" " tag="580"><subfield code="a">Merged with: Columbia Lutheran, to form: Western Lutheran.</subfield></datafield><datafield ind1=" " ind2="0" tag="650"><subfield code="a">Norwegian Americans</subfield><subfield code="z">Washington (State)</subfield><subfield code="v">Newspapers.</subfield></datafield><datafield ind1=" " ind2="0" tag="650"><subfield code="a">Lutherans</subfield><subfield code="z">Washington (State)</subfield><subfield code="v">Newspapers.</subfield></datafield><datafield ind1=" " ind2="0" tag="651"><subfield code="a">Kent (Wash.)</subfield><subfield code="v">Newspapers.</subfield></datafield><datafield ind1=" " ind2="0" tag="651"><subfield code="a">Parkland (Wash.)</subfield><subfield code="v">Newspapers.</subfield></datafield><datafield ind1=" " ind2="7" tag="655"><subfield code="a">Newspapers.</subfield><subfield code="2">fast</subfield><subfield code="0">(OCoLC)fst01423814</subfield></datafield><datafield ind1=" " ind2="7" tag="650"><subfield code="a">Lutherans.</subfield><subfield code="2">fast</subfield><subfield code="0">(OCoLC)fst01004072</subfield></datafield><datafield ind1=" " ind2="7" tag="650"><subfield code="a">Norwegian Americans.</subfield><subfield code="2">fast</subfield><subfield code="0">(OCoLC)fst01039354</subfield></datafield><datafield ind1=" " ind2="7" tag="651"><subfield code="a">Washington (State)</subfield><subfield code="2">fast</subfield><subfield code="0">(OCoLC)fst01204703</subfield></datafield><datafield ind1=" " ind2="7" tag="651"><subfield code="a">Washington (State)</subfield><subfield code="z">Kent.</subfield><subfield code="2">fast</subfield><subfield code="0">(OCoLC)fst01211661</subfield></datafield><datafield ind1=" " ind2="7" tag="651"><subfield code="a">Washington (State)</subfield><subfield code="z">Parkland.</subfield><subfield code="2">fast</subfield><subfield code="0">(OCoLC)fst01238893</subfield></datafield><datafield ind1="2" ind2=" " tag="710"><subfield code="a">Norwegian Lutheran Church of America.</subfield><subfield code="b">Pacific District.</subfield></datafield><datafield ind1=" " ind2=" " tag="752"><subfield code="a">United States</subfield><subfield code="b">Washington</subfield><subfield code="c">King</subfield><subfield code="d">Kent.</subfield></datafield><datafield ind1=" " ind2=" " tag="752"><subfield code="a">United States</subfield><subfield code="b">Washington</subfield><subfield code="c">Pierce</subfield><subfield code="d">Parkland.</subfield></datafield><datafield ind1="0" ind2="0" tag="780"><subfield code="t">Budb&#230;reren (Seattle, Wash.)</subfield><subfield code="w">(DLC)sn 97021874</subfield><subfield code="w">(OCoLC)9985119</subfield></datafield><datafield ind1="1" ind2="7" tag="785"><subfield code="t">Columbia Lutheran</subfield></datafield><datafield ind1="1" ind2="7" tag="785"><subfield code="t">Western Lutheran</subfield><subfield code="w">(DLC)sn 97021876</subfield><subfield code="w">(OCoLC)1586743</subfield></datafield><datafield ind1=" " ind2=" " tag="850"><subfield code="a">ICRL</subfield></datafield></record>